@online{heise:notPetya:scherschel,
	title        = {3 Jahre NotPetya: Der Erpressungstrojaner, der keiner war},
	organization = {heise online},
	author       = {Fabian A. Scherschel},
	date         = {2020},
	addendum          = {abgerufen am 24.09.2020},
	url          = {https://www.heise.de/hintergrund/3-Jahre-NotPetya-Der-Erpressungstrojaner-der-keiner-war-4797250.html},
	keywords     = {untrusted},
}


@book{Trask,
    author    = {Andrew W. Trask},
    title     = {Neuronale Netze und Deep Learning kapieren},
    year      = {2019},
    publisher = {mitp Verlags GmbH \& Co. KG},
    address   = {Frechen, Deutschland}
}
